<?xml version="1.0"?>
<marc:records xmlns:marc="http://www.loc.gov/MARC21/slim" xmlns:xsi="http://www.w3.org/2001/XMLSchema-instance" xsi:schemaLocation="http://www.loc.gov/MARC21/slim http://www.loc.gov/standards/marcxml/schema/MARC21slim.xsd">
  <marc:record>
    <marc:leader>05423cam a2200685Ia 4500</marc:leader>
    <marc:controlfield tag="001">9924453383503681</marc:controlfield>
    <marc:controlfield tag="005">20200529094216.0</marc:controlfield>
    <marc:controlfield tag="008">191218s1324    xx            000 0 ara d</marc:controlfield>
    <marc:datafield ind1=" " ind2=" " tag="035">
  <marc:subfield code="a">(OCoLC)1131863808</marc:subfield>
</marc:datafield>
    <marc:datafield ind1=" " ind2=" " tag="035">
  <marc:subfield code="a">(OCoLC)on1131863808</marc:subfield>
</marc:datafield>
    <marc:datafield ind1=" " ind2=" " tag="035">
  <marc:subfield code="a">(PU)2445338-penndb-Voyager</marc:subfield>
</marc:datafield>
    <marc:datafield ind1=" " ind2=" " tag="040">
  <marc:subfield code="a">PAU</marc:subfield>
  <marc:subfield code="b">eng</marc:subfield>
  <marc:subfield code="c">PAU</marc:subfield>
  <marc:subfield code="e">amremm</marc:subfield>
  <marc:subfield code="d">PAU</marc:subfield>
</marc:datafield>
    <marc:datafield ind1=" " ind2="9" tag="099">
  <marc:subfield code="a">CAJS Rar Ms 154</marc:subfield>
</marc:datafield>
    <marc:datafield ind1="1" ind2=" " tag="100">
  <marc:subfield code="6">880-01</marc:subfield>
  <marc:subfield code="a">Qut&#x323;b al-Tah&#x323;ta&#x304;ni&#x304;, Muh&#x323;ammad ibn Muh&#x323;ammad,</marc:subfield>
  <marc:subfield code="d">1294 or 1295-1364 or 1365.</marc:subfield>
</marc:datafield>
    <marc:datafield ind1="1" ind2="0" tag="240">
  <marc:subfield code="6">880-02</marc:subfield>
  <marc:subfield code="a">Sharh&#x323; Shamsiyah</marc:subfield>
</marc:datafield>
    <marc:datafield ind1="1" ind2="0" tag="245">
  <marc:subfield code="6">880-03</marc:subfield>
  <marc:subfield code="a">[Tah&#x323;ri&#x304;r al-qawa&#x304;&#x2BB;id al-mant&#x323;iqi&#x304;yah fi&#x304; sharh&#x323; al-Risa&#x304;lah al-Shamsiyah].</marc:subfield>
</marc:datafield>
    <marc:datafield ind1=" " ind2=" " tag="260">
  <marc:subfield code="c">A.H. 724 (1324)</marc:subfield>
</marc:datafield>
    <marc:datafield ind1=" " ind2=" " tag="300">
  <marc:subfield code="a">245, ii leaves :</marc:subfield>
  <marc:subfield code="b">paper ;</marc:subfield>
  <marc:subfield code="c">226 x 125 (150 x 60) mm bound to 230 x 130 mm.</marc:subfield>
</marc:datafield>
    <marc:datafield ind1=" " ind2=" " tag="500">
  <marc:subfield code="a">Title supplied by cataloger.</marc:subfield>
</marc:datafield>
    <marc:datafield ind1=" " ind2=" " tag="500">
  <marc:subfield code="a">Foliation: Modern foliation added in pencil, upper center recto; catchwords every verso, lower left.</marc:subfield>
</marc:datafield>
    <marc:datafield ind1=" " ind2=" " tag="500">
  <marc:subfield code="a">Layout: Chiefly written in 15 long lines.</marc:subfield>
</marc:datafield>
    <marc:datafield ind1=" " ind2=" " tag="500">
  <marc:subfield code="a">Script: Written in naskh with elements of nasta&#x2BB;li&#x304;q in black ink; pointed.</marc:subfield>
</marc:datafield>
    <marc:datafield ind1=" " ind2=" " tag="500">
  <marc:subfield code="a">Decoration: Rubrications in red.</marc:subfield>
</marc:datafield>
    <marc:datafield ind1=" " ind2=" " tag="500">
  <marc:subfield code="a">Binding: Bound in light brown leather over pasteboard with central mandorla and four pendants on the vertical axis and a set of cartouches forming a frame. The second pendant on each end is stamped with the name of the binder: Mulla&#x301; &#x2BB;Abd al-Gha&#x304;ni&#x304;, S&#x323;ah&#x323;h&#x323;a&#x304;f and the date 1189 A.H. (1775 CE).</marc:subfield>
</marc:datafield>
    <marc:datafield ind1=" " ind2=" " tag="500">
  <marc:subfield code="a">Origin: Copy completed in 726 A.H. (1326 or 1327 CE) by Muh&#x323;ammad Suru&#x304;r ibn Muh&#x323;ammad Wali&#x304; H&#x323;is&#x323;a&#x304;ri&#x304; (f. 245v).</marc:subfield>
</marc:datafield>
    <marc:datafield ind1=" " ind2=" " tag="500">
  <marc:subfield code="a">Owner's stamp (f. 245v).</marc:subfield>
</marc:datafield>
    <marc:datafield ind1=" " ind2=" " tag="500">
  <marc:subfield code="a">The F. Otto Haas book fund Annenberg Research Institute Library bookplate inside back cover.</marc:subfield>
</marc:datafield>
    <marc:datafield ind1=" " ind2=" " tag="520">
  <marc:subfield code="a">Commentary on al-Qazwi&#x304;ni&#x304;'s work on logic.</marc:subfield>
</marc:datafield>
    <marc:datafield ind1=" " ind2=" " tag="524">
  <marc:subfield code="a">CAJS Rar Ms 154</marc:subfield>
</marc:datafield>
    <marc:datafield ind1="1" ind2=" " tag="541">
  <marc:subfield code="a">Gift of Mayer Sulzberger to the library of the Dropsie College for Hebrew and Cognate Learning (note on library bookplate, inside front cover).</marc:subfield>
</marc:datafield>
    <marc:datafield ind1=" " ind2=" " tag="541">
  <marc:subfield code="a">*N</marc:subfield>
  <marc:subfield code="e">CAJS Rar Ms 154</marc:subfield>
</marc:datafield>
    <marc:datafield ind1=" " ind2=" " tag="546">
  <marc:subfield code="a">Arabic.</marc:subfield>
</marc:datafield>
    <marc:datafield ind1="1" ind2=" " tag="561">
  <marc:subfield code="a">Formerly owned by the Dropsie College for Hebrew and Cognate Learning (library bookplate inside front cover).</marc:subfield>
</marc:datafield>
    <marc:datafield ind1=" " ind2=" " tag="583">
  <marc:subfield code="a">*N</marc:subfield>
  <marc:subfield code="a">585</marc:subfield>
  <marc:subfield code="c">0585</marc:subfield>
</marc:datafield>
    <marc:datafield ind1="1" ind2="0" tag="600">
  <marc:subfield code="6">880-04</marc:subfield>
  <marc:subfield code="a">Qazwi&#x304;ni&#x304;, &#x2BB;Ali&#x304; ibn &#x2BB;Umar,</marc:subfield>
  <marc:subfield code="d">1203 or 1204-1276 or 1277.</marc:subfield>
  <marc:subfield code="t">Shamsi&#x304;yah.</marc:subfield>
</marc:datafield>
    <marc:datafield ind1=" " ind2="0" tag="650">
  <marc:subfield code="a">Logic</marc:subfield>
  <marc:subfield code="v">Early works to 1800.</marc:subfield>
</marc:datafield>
    <marc:datafield ind1=" " ind2="0" tag="655">
  <marc:subfield code="a">Manuscripts, Arabic.</marc:subfield>
</marc:datafield>
    <marc:datafield ind1=" " ind2="0" tag="655">
  <marc:subfield code="a">Manuscripts, 14th century.</marc:subfield>
</marc:datafield>
    <marc:datafield ind1=" " ind2="7" tag="655">
  <marc:subfield code="a">Codices (bound manuscripts)</marc:subfield>
  <marc:subfield code="2">aat</marc:subfield>
</marc:datafield>
    <marc:datafield ind1=" " ind2="7" tag="655">
  <marc:subfield code="a">Commentaries.</marc:subfield>
  <marc:subfield code="2">aat</marc:subfield>
</marc:datafield>
    <marc:datafield ind1=" " ind2="7" tag="655">
  <marc:subfield code="a">Stamps (Provenance)</marc:subfield>
  <marc:subfield code="2">rbprov</marc:subfield>
</marc:datafield>
    <marc:datafield ind1="1" ind2="2" tag="700">
  <marc:subfield code="6">880-05</marc:subfield>
  <marc:subfield code="a">Qazwi&#x304;ni&#x304;, &#x2BB;Ali&#x304; ibn &#x2BB;Umar,</marc:subfield>
  <marc:subfield code="d">1203 or 1204-1276 or 1277.</marc:subfield>
  <marc:subfield code="t">Shamsi&#x304;yah.</marc:subfield>
</marc:datafield>
    <marc:datafield ind1="0" ind2=" " tag="700">
  <marc:subfield code="6">880-06</marc:subfield>
  <marc:subfield code="a">Muh&#x323;ammad Suru&#x304;r ibn Muh&#x323;ammad Wali&#x304; H&#x323;is&#x323;a&#x304;ri&#x304;,</marc:subfield>
  <marc:subfield code="d">active 1326,</marc:subfield>
  <marc:subfield code="e">scribe.</marc:subfield>
</marc:datafield>
    <marc:datafield ind1="0" ind2=" " tag="700">
  <marc:subfield code="6">880-07</marc:subfield>
  <marc:subfield code="a">Mulla&#x301; &#x2BB;Abd al-Gha&#x304;ni&#x304;,</marc:subfield>
  <marc:subfield code="d">active 1775,</marc:subfield>
  <marc:subfield code="e">binder.</marc:subfield>
</marc:datafield>
    <marc:datafield ind1="1" ind2=" " tag="700">
  <marc:subfield code="a">Sulzberger, Mayer,</marc:subfield>
  <marc:subfield code="d">1843-1923,</marc:subfield>
  <marc:subfield code="e">former owner.</marc:subfield>
</marc:datafield>
    <marc:datafield ind1="2" ind2=" " tag="710">
  <marc:subfield code="a">Dropsie College for Hebrew and Cognate Learning,</marc:subfield>
  <marc:subfield code="e">former owner.</marc:subfield>
</marc:datafield>
    <marc:datafield ind1="2" ind2=" " tag="710">
  <marc:subfield code="a">Annenberg Research Institute.</marc:subfield>
</marc:datafield>
    <marc:datafield ind1=" " ind2=" " tag="852">
  <marc:subfield code="b">Library at the Herbert D. Katz Center for Advanced Judaic Studies</marc:subfield>
  <marc:subfield code="a">University of Pennsylvania</marc:subfield>
  <marc:subfield code="e">420 Walnut Street, Philadelphia, Pennsylvania 19106-3703</marc:subfield>
  <marc:subfield code="j">CAJS Rar Ms 154</marc:subfield>
</marc:datafield>
    <marc:datafield ind1="4" ind2="1" tag="856">
  <marc:subfield code="z">Digital facsimile in OPenn</marc:subfield>
  <marc:subfield code="u">http://openn.library.upenn.edu/Data/0002/html/kcajs_rar_ms154.html</marc:subfield>
</marc:datafield>
    <marc:datafield ind1="1" ind2=" " tag="880">
  <marc:subfield code="6">100-01//r</marc:subfield>
  <marc:subfield code="a">&#x642;&#x637;&#x628; &#x627;&#x644;&#x62A;&#x62D;&#x62A;&#x627;&#x646;&#x64A;&#x60C; &#x645;&#x62D;&#x645;&#x62F; &#x628;&#x646; &#x645;&#x62D;&#x645;&#x62F;&#x60C;</marc:subfield>
  <marc:subfield code="d">1294 &#x623;&#x648; 1295-1364 &#x623;&#x648; 1365.</marc:subfield>
</marc:datafield>
    <marc:datafield ind1="1" ind2="0" tag="880">
  <marc:subfield code="6">240-02//r</marc:subfield>
  <marc:subfield code="a">&#x634;&#x631;&#x62D; &#x634;&#x645;&#x633;&#x64A;&#x629;</marc:subfield>
</marc:datafield>
    <marc:datafield ind1="1" ind2="0" tag="880">
  <marc:subfield code="6">245-03//r</marc:subfield>
  <marc:subfield code="a">[&#x62A;&#x62D;&#x631;&#x64A;&#x631; &#x627;&#x644;&#x642;&#x648;&#x627;&#x639;&#x62F; &#x627;&#x644;&#x645;&#x646;&#x637;&#x642;&#x64A;&#x629; &#x641;&#x64A; &#x634;&#x631;&#x62D; &#x627;&#x644;&#x631;&#x633;&#x627;&#x644;&#x629; &#x627;&#x644;&#x634;&#x645;&#x633;&#x64A;&#x629;].</marc:subfield>
</marc:datafield>
    <marc:datafield ind1="1" ind2="4" tag="880">
  <marc:subfield code="6">600-04//r</marc:subfield>
  <marc:subfield code="a">&#x642;&#x632;&#x648;&#x64A;&#x646;&#x64A;&#x60C; &#x639;&#x644;&#x64A; &#x628;&#x646; &#x639;&#x645;&#x631;&#x60C;</marc:subfield>
  <marc:subfield code="d">1203 or 1204-1276 or 1277.</marc:subfield>
  <marc:subfield code="t">&#x634;&#x645;&#x633;&#x64A;&#x629;.</marc:subfield>
</marc:datafield>
    <marc:datafield ind1="1" ind2="2" tag="880">
  <marc:subfield code="6">700-05//r</marc:subfield>
  <marc:subfield code="a">&#x642;&#x632;&#x648;&#x64A;&#x646;&#x64A;&#x60C; &#x639;&#x644;&#x64A; &#x628;&#x646; &#x639;&#x645;&#x631;&#x60C;</marc:subfield>
  <marc:subfield code="d">1203 or 1204-1276 or 1277.</marc:subfield>
  <marc:subfield code="t">&#x634;&#x645;&#x633;&#x64A;&#x629;.</marc:subfield>
</marc:datafield>
    <marc:datafield ind1="0" ind2=" " tag="880">
  <marc:subfield code="6">700-06//r</marc:subfield>
  <marc:subfield code="a">&#x645;&#x62D;&#x645;&#x62F; &#x633;&#x631;&#x648;&#x631; &#x628;&#x646; &#x645;&#x62D;&#x645;&#x62F; &#x648;&#x644;&#x649; &#x62D;&#x635;&#x627;&#x631;&#x649;&#x60C;</marc:subfield>
  <marc:subfield code="d">active 1326&#x60C;</marc:subfield>
  <marc:subfield code="e">scribe.</marc:subfield>
</marc:datafield>
    <marc:datafield ind1="0" ind2=" " tag="880">
  <marc:subfield code="6">700-07//r</marc:subfield>
  <marc:subfield code="a">&#x645;&#x644;&#x649; &#x639;&#x628;&#x62F; &#x627;&#x644;&#x63A;&#x627;&#x646;&#x64A;&#x60C;</marc:subfield>
  <marc:subfield code="d">active 1775&#x60C;</marc:subfield>
  <marc:subfield code="e">binder.</marc:subfield>
</marc:datafield>
    <marc:datafield ind1=" " ind2=" " tag="949">
  <marc:subfield code="a">CAJS Rar Ms 154</marc:subfield>
  <marc:subfield code="c">1</marc:subfield>
  <marc:subfield code="f">AR1</marc:subfield>
  <marc:subfield code="l">cjs</marc:subfield>
  <marc:subfield code="z">009769700274</marc:subfield>
  <marc:subfield code="1">L001001000</marc:subfield>
  <marc:subfield code="3">960131</marc:subfield>
  <marc:subfield code="4">L99N</marc:subfield>
  <marc:subfield code="7">ARA</marc:subfield>
  <marc:subfield code="8">RLIN</marc:subfield>
  <marc:subfield code="9">17--</marc:subfield>
</marc:datafield>
    <marc:datafield ind1=" " ind2=" " tag="950">
  <marc:subfield code="l">PAAH</marc:subfield>
  <marc:subfield code="i">01\26\96 C</marc:subfield>
</marc:datafield>
    <marc:datafield ind1=" " ind2=" " tag="996">
  <marc:subfield code="a">hinge-right</marc:subfield>
</marc:datafield>
    <marc:datafield ind1=" " ind2=" " tag="998">
  <marc:subfield code="a">01\26\96</marc:subfield>
  <marc:subfield code="t">d</marc:subfield>
  <marc:subfield code="s">9114</marc:subfield>
  <marc:subfield code="l">PAAH</marc:subfield>
  <marc:subfield code="n">PU-CJS</marc:subfield>
  <marc:subfield code="d">01\26\96</marc:subfield>
</marc:datafield>
    <marc:holdings>
      <marc:holding>
        <marc:holding_id>22247101740003681</marc:holding_id>
        <marc:call_number>CAJS Rar Ms 154</marc:call_number>
        <marc:library>KatzLib</marc:library>
        <marc:location>cjsrarms</marc:location>
      </marc:holding>
    </marc:holdings>
  </marc:record>
</marc:records>
